<record xmlns='http://www.loc.gov/MARC21/slim'><leader>01854ckd a2200361 i 4500</leader><controlfield tag='001'>6453708</controlfield><controlfield tag='005'>20150901172536.0</controlfield><controlfield tag='008'>140409q19201935xx nnn            inzxx  </controlfield><datafield ind1=' ' ind2=' ' tag='035'><subfield code='a'>6453708</subfield></datafield><datafield ind1=' ' ind2=' ' tag='040'><subfield code='a'>ANL</subfield><subfield code='b'>eng</subfield><subfield code='e'>rda</subfield></datafield><datafield ind1=' ' ind2=' ' tag='042'><subfield code='a'>anuc</subfield></datafield><datafield ind1=' ' ind2=' ' tag='043'><subfield code='a'>e-fr---</subfield></datafield><datafield ind1='1' ind2=' ' tag='100'><subfield code='a'>Picasso, Pablo,</subfield><subfield code='d'>1881-1973.</subfield></datafield><datafield ind1='1' ind2='0' tag='245'><subfield code='a'>Guitare et partition, no. 10 /</subfield><subfield code='c'>Picasso.</subfield></datafield><datafield ind1='3' ind2='1' tag='246'><subfield code='a'>Guitar and music score on a pedestal table</subfield></datafield><datafield ind1=' ' ind2='0' tag='264'><subfield code='c'>between 1920 and 1935.</subfield></datafield><datafield ind1=' ' ind2=' ' tag='300'><subfield code='a'>1 print :</subfield><subfield code='b'>pochoir ;</subfield><subfield code='c'>30.8 x 20.5 cm</subfield></datafield><datafield ind1=' ' ind2=' ' tag='336'><subfield code='a'>still image</subfield><subfield code='2'>rdacontent</subfield></datafield><datafield ind1=' ' ind2=' ' tag='337'><subfield code='a'>unmediated</subfield><subfield code='2'>rdamedia</subfield></datafield><datafield ind1=' ' ind2=' ' tag='338'><subfield code='a'>sheet</subfield><subfield code='2'>rdacarrier</subfield></datafield><datafield ind1=' ' ind2=' ' tag='500'><subfield code='a'>Part of the collection: Collection of pochoir prints of Pierrot et Arlequin and Guitare paintings.</subfield></datafield><datafield ind1=' ' ind2=' ' tag='500'><subfield code='a'>Inscriptions: &quot;50/100&quot;--In pencil below image; &quot;No. 10&quot;--In pencil on reverse; Signed by artist.</subfield></datafield><datafield ind1=' ' ind2=' ' tag='500'><subfield code='a'>Condition: Soiled.</subfield></datafield><datafield ind1=' ' ind2=' ' tag='530'><subfield code='a'>Digital master available</subfield><subfield code='b'>National Library of Australia;</subfield><subfield code='d'>nla.obj-139611007</subfield></datafield><datafield ind1=' ' ind2=' ' tag='540'><subfield code='a'>Copyright restrictions may apply.</subfield></datafield><datafield ind1=' ' ind2=' ' tag='585'><subfield code='a'>Exhibited: Abstraction-Creation: J.W. Power in Europe 1921-1938, Heide Museum of Modern Art, 15 November 2014- early March 2015</subfield></datafield><datafield ind1=' ' ind2=' ' tag='585'><subfield code='a'>Exhibited: &quot;Treasures Gallery&quot;, National Library of Australia, 7 October 2011 - 15 December 2012.</subfield><subfield code='5'>AuCNL</subfield></datafield><datafield ind1=' ' ind2=' ' tag='585'><subfield code='a'>S6634 Pierrot et Arlequin exhibited: Treasures Gallery 2010: A Preview, National Library of Australia, Canberra, 22 April - 19 July 2009.</subfield><subfield code='5'>AuCNL</subfield></datafield><datafield ind1='1' ind2='0' tag='600'><subfield code='a'>Power, J. J. W.</subfield><subfield code='q'>(John Joseph Wardell),</subfield><subfield code='d'>1881-1943</subfield><subfield code='x'>Art collections.</subfield></datafield><datafield ind1=' ' ind2='0' tag='650'><subfield code='a'>Stencil work</subfield><subfield code='z'>France.</subfield></datafield><datafield ind1='0' ind2='8' tag='773'><subfield code='i'>In collection:</subfield><subfield code='t'>Collection of pochoir prints of Pierrot et Arlequin and Guitare paintings</subfield><subfield code='w'>(AKIN)7878632</subfield></datafield><datafield ind1='1' ind2=' ' tag='800'><subfield code='a'>Picasso, Pablo,</subfield><subfield code='d'>1881-1973.</subfield><subfield code='t'>Collection of pochoir prints of Pierrot et Arlequin and Guitare paintings.</subfield></datafield><datafield ind1='4' ind2='2' tag='856'><subfield code='u'>http://nla.gov.au/nla.obj-139611007</subfield><subfield code='x'>metadata record</subfield></datafield></record>